@Article{Basu2003,
  author    = {Basu, Sanjib and Sen, Ananda and Banerjee, Mousumi},
  journal   = {Journal of the Royal Statistical Society: Series C (Applied Statistics)},
  title     = {Bayesian analysis of competing risks with partially masked cause of failure},
  year      = {2003},
  number    = {1},
  pages     = {77--93},
  volume    = {52},
  publisher = {Wiley Online Library},
}

@Article{Hora1987,
  author    = {Hora, Stephen C and Iman, Ronald L},
  journal   = {Technometrics},
  title     = {Bayesian analysis of learning in risk analyses},
  year      = {1987},
  number    = {2},
  pages     = {221--228},
  volume    = {29},
  publisher = {Taylor \& Francis Group},
}

@Article{Aven2020,
  author    = {Aven, Terje},
  journal   = {Reliability Engineering \& System Safety},
  title     = {Bayesian analysis: Critical issues related to its scope and boundaries in a risk context},
  year      = {2020},
  pages     = {107209},
  volume    = {204},
  publisher = {Elsevier},
}

@Article{Liu2021,
  author    = {Liu, Xiaoxue and Zhang, Jiexin and Zhu, Peidong and Tan, Qingping and Yin, Wei},
  journal   = {Computers \& Security},
  title     = {Quantitative cyber-physical security analysis methodology for industrial control systems based on incomplete information Bayesian game},
  year      = {2021},
  pages     = {102138},
  volume    = {102},
  publisher = {Elsevier},
}

@Article{Hausken2002,
  author    = {Hausken, Kjell},
  journal   = {Risk Analysis},
  title     = {Probabilistic risk analysis and game theory},
  year      = {2002},
  number    = {1},
  pages     = {17--27},
  volume    = {22},
  publisher = {Wiley Online Library},
}

@Article{Cox2009,
  author    = {Cox, Jr, Louis Anthony},
  journal   = {Risk Analysis: An International Journal},
  title     = {Game theory and risk analysis},
  year      = {2009},
  number    = {8},
  pages     = {1062--1068},
  volume    = {29},
  publisher = {Wiley Online Library},
}

@Article{Li2017,
  author    = {Li, Yan and Wang, Xinyu and Wang, Yahui},
  journal   = {Journal of Construction Engineering and Management},
  title     = {Using bargaining game theory for risk allocation of public-private partnership projects: Insights from different alternating offer sequences of participants},
  year      = {2017},
  number    = {3},
  pages     = {04016102},
  volume    = {143},
  publisher = {American Society of Civil Engineers},
}

@Article{Bier2013,
  author    = {Bier, Vicki M and Lin, Shi-Woei},
  journal   = {Risk Analysis: An International Journal},
  title     = {Should the model for risk-informed regulation be game theory rather than decision theory?},
  year      = {2013},
  number    = {2},
  pages     = {281--291},
  volume    = {33},
  publisher = {Wiley Online Library},
}

@Article{Reneke2009,
  author    = {Reneke, James A},
  journal   = {Nonlinear Analysis: Theory, Methods \& Applications},
  title     = {A game theory formulation of decision making under conditions of uncertainty and risk},
  year      = {2009},
  number    = {12},
  pages     = {e1239--e1246},
  volume    = {71},
  publisher = {Elsevier},
}

@Article{Li2020,
  author    = {Li, Cunbin and Liu, Ding and Wang, Yi and Liang, Chunyan},
  journal   = {International Journal of Emerging Electric Power Systems},
  title     = {Grid Cyber-Physical System Risk Management Model Based on Cooperative Game Theory},
  year      = {2020},
  number    = {1},
  volume    = {21},
  publisher = {De Gruyter},
}

@Article{Backhaus2013,
  author    = {Backhaus, Scott and Bent, Russell and Bono, James and Lee, Ritchie and Tracey, Brendan and Wolpert, David and Xie, Dongping and Yildiz, Yildiray},
  journal   = {IEEE Transactions on Smart Grid},
  title     = {Cyber-physical security: A game theory model of humans interacting over control systems},
  year      = {2013},
  number    = {4},
  pages     = {2320--2327},
  volume    = {4},
  publisher = {IEEE},
}

@Article{Chen2019,
  author    = {Chen, Keren and Wen, Fushuan and Tseng, Chung-Li and Chen, Minghui and Yang, Zeng and Zhao, Hongwei and Shang, Huiyu},
  journal   = {Energies},
  title     = {A Game Theory-Based Approach for Vulnerability Analysis of a Cyber-Physical Power System},
  year      = {2019},
  number    = {15},
  pages     = {3002},
  volume    = {12},
  publisher = {Multidisciplinary Digital Publishing Institute},
}

@Article{Bosetti2014,
  author    = {Bosetti, Hadrien and Khan, Sohail and Aghaie, Hamid and Palensky, Peter},
  journal   = {at-Automatisierungstechnik},
  title     = {Survey, illustrations and limits of game theory for cyber-physical energy systems},
  year      = {2014},
  number    = {5},
  pages     = {375--384},
  volume    = {62},
  publisher = {De Gruyter Oldenbourg},
}

@Article{Ezell2013,
  author    = {Ezell, Barry C and Robinson, R Michael and Foytik, Peter and Jordan, Craig and Flanagan, David},
  journal   = {Environment Systems and Decisions},
  title     = {Cyber risk to transportation, industrial control systems, and traffic signal controllers},
  year      = {2013},
  number    = {4},
  pages     = {508--516},
  volume    = {33},
  publisher = {Springer},
}

@Article{Kriaa2019,
  author    = {Kriaa, Siwar and Bouissou, Marc and Laarouchi, Youssef},
  journal   = {Proceedings of the Institution of Mechanical Engineers, Part O: Journal of risk and reliability},
  title     = {A new safety and security risk analysis framework for industrial control systems},
  year      = {2019},
  number    = {2},
  pages     = {151--174},
  volume    = {233},
  publisher = {SAGE Publications Sage UK: London, England},
}

@Article{Qin2018,
  author    = {Qin, Yuanqing and Zhang, Qi and Zhou, Chunjie and Xiong, Naixue},
  journal   = {IEEE Transactions on Systems, Man, and Cybernetics: Systems},
  title     = {A risk-based dynamic decision-making approach for cybersecurity protection in industrial control systems},
  year      = {2018},
  number    = {10},
  pages     = {3863--3870},
  volume    = {50},
  publisher = {IEEE},
}

@Article{Busby2017,
  author    = {Busby, Jeremy Simon and Green, Benjamin and Hutchison, David},
  journal   = {Risk Analysis},
  title     = {Analysis of affordance, time, and adaptation in the assessment of industrial control system cybersecurity risk},
  year      = {2017},
  number    = {7},
  pages     = {1298--1314},
  volume    = {37},
  publisher = {Wiley Online Library},
}

@Article{Amin2013,
  author    = {Amin, Saurabh and Schwartz, Galina A and Hussain, Alefiya},
  journal   = {IEEE Network},
  title     = {In quest of benchmarking security risks to cyber-physical systems},
  year      = {2013},
  number    = {1},
  pages     = {19--24},
  volume    = {27},
  publisher = {IEEE},
}

@Article{Kure2018,
  author    = {Kure, Halima Ibrahim and Islam, Shareeful and Razzaque, Mohammad Abdur},
  journal   = {Applied Sciences},
  title     = {An integrated cyber security risk management approach for a cyber-physical system},
  year      = {2018},
  number    = {6},
  pages     = {898},
  volume    = {8},
  publisher = {Multidisciplinary Digital Publishing Institute},
}

@Article{Haimes2002,
  author    = {Haimes, Yacov Y},
  journal   = {Public Works Management \& Policy},
  title     = {Risk of terrorism to cyber-physical and organizational-societal infrastructures},
  year      = {2002},
  number    = {4},
  pages     = {231--240},
  volume    = {6},
  publisher = {Sage Publications Sage CA: Thousand Oaks, CA},
}

@Article{Wang2019,
  author    = {Wang, Wei and Di Maio, Francesco and Zio, Enrico},
  journal   = {Risk Analysis},
  title     = {Adversarial risk analysis to allocate optimal defense resources for protecting cyber--physical systems from cyber attacks},
  year      = {2019},
  number    = {12},
  pages     = {2766--2785},
  volume    = {39},
  publisher = {Wiley Online Library},
}

@Article{Calvo2018,
  author    = {Calvo, Jose Luis and Tindemans, Simon H and Strbac, Goran},
  journal   = {Journal of Modern Power Systems and Clean Energy},
  title     = {Risk-based method to secure power systems against cyber-physical faults with cascading impacts: a system protection scheme application},
  year      = {2018},
  number    = {5},
  pages     = {930--943},
  volume    = {6},
  publisher = {SGEPRI},
}

@Article{Cardenas2020,
  author    = {Cardenas, D Jonathan Sebastian and Hahn, Adam and Liu, Chen-Ching},
  journal   = {IEEE Access},
  title     = {Assessing cyber-physical risks of IoT-based energy devices in grid operations},
  year      = {2020},
  pages     = {61161--61173},
  volume    = {8},
  publisher = {IEEE},
}

@Article{Kholidy2021,
  author    = {Kholidy, Hisham A},
  journal   = {Future Generation Computer Systems},
  title     = {Autonomous mitigation of cyber risks in the Cyber--Physical Systems},
  year      = {2021},
  pages     = {171--187},
  volume    = {115},
  publisher = {Elsevier},
}

@Article{Lee2020,
  author    = {Lee, Adam J and Farzan, Rosta and Kapadia, Apu and Ahmad, Imtiaz},
  journal   = {Critical Quarterly},
  title     = {Making sense of risk in an increasingly cyber-physical world},
  year      = {2020},
  number    = {1},
  pages     = {40--48},
  volume    = {62},
  publisher = {Wiley Online Library},
}

@Article{Tyszberowicz2020,
  author    = {Tyszberowicz, Shmuel and Faitelson, David},
  journal   = {Frontiers of Information Technology \& Electronic Engineering},
  title     = {Emergence in cyber-physical systems: potential and risk},
  year      = {2020},
  number    = {11},
  pages     = {1554--1566},
  volume    = {21},
  publisher = {Springer},
}

@Article{Tantawy2020,
  author    = {Tantawy, Ashraf and Abdelwahed, Sherif and Erradi, Abdelkarim and Shaban, Khaled},
  journal   = {Computers \& Security},
  title     = {Model-based risk assessment for cyber physical systems security},
  year      = {2020},
  pages     = {101864},
  volume    = {96},
  publisher = {Elsevier},
}

@Article{Almutairi2019,
  author    = {Almutairi, Ayedh and Wheeler, John P and Slutzky, David L and Lambert, James H},
  journal   = {Risk Analysis},
  title     = {Integrating Stakeholder Mapping and Risk Scenarios to Improve Resilience of Cyber-Physical-Social Networks},
  year      = {2019},
  number    = {9},
  pages     = {2093--2112},
  volume    = {39},
  publisher = {Wiley Online Library},
}

@Article{Wirth2019,
  author  = {Wirth, Axel},
  journal = {Biomedical instrumentation \& technology},
  title   = {Cyberinsights: The Specific Risk Considerations Imparted by Cyber-Physical Systems},
  year    = {2019},
  number  = {4},
  pages   = {306--309},
  volume  = {53},
}

@Article{Kroeger2008,
  author    = {Kr{\"o}ger, Wolfgang},
  journal   = {Reliability Engineering \& System Safety},
  title     = {Critical infrastructures at risk: A need for a new conceptual approach and extended analytical tools},
  year      = {2008},
  number    = {12},
  pages     = {1781--1787},
  volume    = {93},
  publisher = {Elsevier},
}

@Article{Zio2016,
  author    = {Zio, Enrico},
  journal   = {Reliability Engineering \& System Safety},
  title     = {Challenges in the vulnerability and risk analysis of critical infrastructures},
  year      = {2016},
  pages     = {137--150},
  volume    = {152},
  publisher = {Elsevier},
}

@Article{PateCornell2018,
  author    = {Pat{\'e}-Cornell, M-Elisabeth and Kuypers, Marshall and Smith, Matthew and Keller, Philip},
  journal   = {Risk Analysis},
  title     = {Cyber risk management for critical infrastructure: a risk analysis model and three case studies},
  year      = {2018},
  number    = {2},
  pages     = {226--241},
  volume    = {38},
  publisher = {Wiley Online Library},
}

@Article{Baiardi2009,
  author    = {Baiardi, Fabrizio and Telmon, Claudio and Sgandurra, Daniele},
  journal   = {Reliability Engineering \& System Safety},
  title     = {Hierarchical, model-based risk management of critical infrastructures},
  year      = {2009},
  number    = {9},
  pages     = {1403--1415},
  volume    = {94},
  publisher = {Elsevier},
}

@Article{May2013,
  author    = {May, Peter J and Koski, Chris},
  journal   = {Review of Policy Research},
  title     = {Addressing public risks: Extreme events and critical infrastructures},
  year      = {2013},
  number    = {2},
  pages     = {139--159},
  volume    = {30},
  publisher = {Wiley Online Library},
}

@Article{Bloomfield2017,
  author    = {Bloomfield, Robin E and Popov, Peter and Salako, Kizito and Stankovic, Vladimir and Wright, David},
  journal   = {Reliability Engineering \& System Safety},
  title     = {Preliminary interdependency analysis: An approach to support critical-infrastructure risk-assessment},
  year      = {2017},
  pages     = {198--217},
  volume    = {167},
  publisher = {Elsevier},
}

@Article{Crowther2008,
  author    = {Crowther, Kenneth G},
  journal   = {International Journal of Critical Infrastructure Protection},
  title     = {Decentralized risk management for strategic preparedness of critical infrastructure through decomposition of the inoperability input--output model},
  year      = {2008},
  pages     = {53--67},
  volume    = {1},
  publisher = {Elsevier},
}

@Article{Henrie2013,
  author    = {Henrie, Morgan},
  journal   = {Engineering Management Journal},
  title     = {Cyber security risk management in the SCADA critical infrastructure environment},
  year      = {2013},
  number    = {2},
  pages     = {38--45},
  volume    = {25},
  publisher = {Taylor \& Francis},
}

@Article{Petrillo2017,
  author    = {Petrillo, Antonella and Falcone, Domenico and De Felice, Fabio and Zomparelli, Federico},
  journal   = {International journal of disaster risk reduction},
  title     = {Development of a risk analysis model to evaluate human error in industrial plants and in critical infrastructures},
  year      = {2017},
  pages     = {15--24},
  volume    = {23},
  publisher = {Elsevier},
}

@Article{Solhaug2014,
  author    = {Solhaug, Bj{\o}rnar and Seehusen, Fredrik},
  journal   = {Journal of Ambient Intelligence and Humanized Computing},
  title     = {Model-driven risk analysis of evolving critical infrastructures},
  year      = {2014},
  number    = {2},
  pages     = {187--204},
  volume    = {5},
  publisher = {Springer},
}

@Article{Taquechel2012,
  author  = {Taquechel, Eric F and Lewis, Ted G},
  journal = {Homeland security affairs},
  title   = {How to Quantify Deterrence and Reduce Critical Infrastructure Risk.},
  year    = {2012},
  number  = {1},
  volume  = {8},
}

@Article{Bialas2016,
  author    = {Bialas, Andrzej},
  journal   = {Sustainability},
  title     = {Risk management in critical infrastructureâFoundation for its sustainable work},
  year      = {2016},
  number    = {3},
  pages     = {240},
  volume    = {8},
  publisher = {Multidisciplinary Digital Publishing Institute},
}

@Article{Mills2015,
  author    = {Mills, Grant RW and Deka, Lipika and Price, Andrew DF and Rich-Mahadkar, Sameedha and Pantzartzis, Efthimia and Sellars, Peter},
  journal   = {International Journal of Strategic Property Management},
  title     = {Critical infrastructure risk in NHS England: predicting the impact of building portfolio age},
  year      = {2015},
  number    = {2},
  pages     = {159--172},
  volume    = {19},
  publisher = {Taylor \& Francis},
}

@Article{Zoli2018,
  author    = {Zoli, Corri and Steinberg, Laura J and Grabowski, Martha and Hermann, Margaret},
  journal   = {Safety science},
  title     = {Terrorist critical infrastructures, organizational capacity and security risk},
  year      = {2018},
  pages     = {121--130},
  volume    = {110},
  publisher = {Elsevier},
}

@Article{Bovis2015,
  author    = {Bovis, Christopher H},
  journal   = {Eur. J. Risk Reg.},
  title     = {Risk in public-private partnerships and critical infrastructure},
  year      = {2015},
  pages     = {200},
  volume    = {6},
  publisher = {HeinOnline},
}

@Article{TweneboahKoduah2018,
  author    = {Tweneboah-Koduah, Samuel and Buchanan, William J},
  journal   = {The Computer Journal},
  title     = {Security risk assessment of critical infrastructure systems: A comparative study},
  year      = {2018},
  number    = {9},
  pages     = {1389--1406},
  volume    = {61},
  publisher = {Oxford University Press},
}

@Article{Massacci2016,
  author    = {Massacci, Fabio and Ruprai, Raminder and Collinson, Matthew and Williams, Julian},
  journal   = {IEEE Security \& Privacy},
  title     = {Economic impacts of rules-versus risk-based cybersecurity regulations for critical infrastructure providers},
  year      = {2016},
  number    = {3},
  pages     = {52--60},
  volume    = {14},
  publisher = {IEEE},
}

@Article{Esposito2020,
  author    = {Esposito, Simona and Stojadinovi{\'c}, Bo{\v{z}}idar and Babi{\v{c}}, An{\v{z}}e and Dol{\v{s}}ek, Matja{\v{z}} and Iqbal, Sarfraz and Selva, Jacopo and Broccardo, Marco and Mignan, Arnaud and Giardini, Domenico},
  journal   = {Journal of Infrastructure Systems},
  title     = {Risk-based multilevel methodology to stress test critical infrastructure systems},
  year      = {2020},
  number    = {1},
  pages     = {04019035},
  volume    = {26},
  publisher = {American Society of Civil Engineers},
}

@Article{Moini2016,
  author    = {Moini, Nadereh},
  journal   = {Journal of Infrastructure Systems},
  title     = {Modeling of risks threatening critical infrastructures: System approach},
  year      = {2016},
  number    = {1},
  pages     = {04015010},
  volume    = {22},
  publisher = {American Society of Civil Engineers},
}

@Article{Roed2020,
  author    = {R{\o}d, Bjarte and Lange, David and Theocharidou, Marianthi and Pursiainen, Christer},
  journal   = {Journal of Management in Engineering},
  title     = {From risk management to resilience management in critical infrastructure},
  year      = {2020},
  number    = {4},
  pages     = {04020039},
  volume    = {36},
  publisher = {American Society of Civil Engineers},
}

@Article{Prezelj2013,
  author    = {Prezelj, Iztok and {\v{Z}}iberna, Ale{\v{s}}},
  journal   = {Risk management},
  title     = {Consequence-, time-and interdependency-based risk assessment in the field of critical infrastructure},
  year      = {2013},
  number    = {2},
  pages     = {100--131},
  volume    = {15},
  publisher = {Springer},
}

@Article{Asselt2015,
  author    = {van Asselt, Marjolein and Vos, Ellen and Wildhaber, Isabelle},
  journal   = {Eur. J. Risk Reg.},
  title     = {Some reflections on EU governance of critical infrastructure risks},
  year      = {2015},
  pages     = {185},
  volume    = {6},
  publisher = {HeinOnline},
}

@Article{Taquechel2016,
  author  = {Taquechel, Eric F and Lewis, Ted G},
  journal = {Homeland Security Affairs},
  title   = {More Options for Quantifying Deterrence and Reducing Critical Infrastructure Risk: Cognitive Biases},
  year    = {2016},
  volume  = {12},
}

@Article{ClarkGinsberg2019,
  author    = {Clark-Ginsberg, Aaron and Slayton, Rebecca},
  journal   = {Science and Public Policy},
  title     = {Regulating risks within complex sociotechnical systems: Evidence from critical infrastructure cybersecurity standards},
  year      = {2019},
  number    = {3},
  pages     = {339--346},
  volume    = {46},
  publisher = {Oxford University Press},
}

@Article{Taquechel2018,
  author  = {Taquechel, Eric F and Saitgalina, Marina},
  journal = {Homeland Security Affairs},
  title   = {Risk-based performance metrics for critical infrastructure protection? A framework for research and analysis},
  year    = {2018},
  volume  = {14},
}

@Article{Geer2013,
  author    = {Geer, Dan},
  journal   = {Communications of the ACM},
  title     = {Resolved: The Internet is no place for critical infrastructure},
  year      = {2013},
  number    = {6},
  pages     = {48--53},
  volume    = {56},
  publisher = {ACM New York, NY, USA},
}

@Article{Yao2020,
  author    = {Yao, Xijun and Wei, Hsi-Hsien and Shohet, Igal M and Skibniewski, Miroslaw J},
  journal   = {Applied Sciences},
  title     = {Assessment of Terrorism Risk to Critical Infrastructures: The Case of a Power-Supply Substation},
  year      = {2020},
  number    = {20},
  pages     = {7162},
  volume    = {10},
  publisher = {Multidisciplinary Digital Publishing Institute},
}

@Article{Baggott2020,
  author    = {Baggott, Sean S and Santos, Joost R},
  journal   = {Risk analysis},
  title     = {A risk analysis framework for cyber security and critical infrastructure protection of the US electric power grid},
  year      = {2020},
  number    = {9},
  pages     = {1744--1761},
  volume    = {40},
  publisher = {Wiley Online Library},
}

@Article{Elhady2019,
  author    = {Elhady, Abdelghafar M and El-Bakry, Hazem M and Abou Elfetouh, Ahmed},
  journal   = {Security and Communication Networks},
  title     = {Comprehensive Risk Identification Model for SCADA Systems},
  year      = {2019},
  volume    = {2019},
  publisher = {Hindawi},
}

@Article{Woo2015,
  author    = {Woo, Pil Sung and Kim, Balho H and Hur, Don},
  journal   = {Journal of Electrical Engineering and Technology},
  title     = {Towards cyber security risks assessment in electric utility SCADA systems},
  year      = {2015},
  number    = {3},
  pages     = {888--894},
  volume    = {10},
  publisher = {The Korean Institute of Electrical Engineers},
}

@Article{Falco2018,
  author    = {Falco, Gregory and Caldera, Carlos and Shrobe, Howard},
  journal   = {IEEE Internet of Things Journal},
  title     = {IIoT cybersecurity risk modeling for SCADA systems},
  year      = {2018},
  number    = {6},
  pages     = {4486--4495},
  volume    = {5},
  publisher = {IEEE},
}

@Article{Ralston2007,
  author    = {Ralston, Patricia AS and Graham, James H and Hieb, Jefferey L},
  journal   = {ISA transactions},
  title     = {Cyber security risk assessment for SCADA and DCS networks},
  year      = {2007},
  number    = {4},
  pages     = {583--594},
  volume    = {46},
  publisher = {Elsevier},
}

@Article{AitAali2018,
  author    = {Ait Aali, Nawal and Baina, Amine and Echabbi, Loubna},
  journal   = {Security and Communication Networks},
  title     = {Trust management in collaborative systems for critical infrastructure protection},
  year      = {2018},
  volume    = {2018},
  publisher = {Hindawi},
}

@Article{Rajaonah2017,
  author  = {Rajaonah, Bako},
  journal = {Revue des Sciences et Technologies de l'Information-S{\'e}rie ISI: Ing{\'e}nierie des Syst{\`e}mes d'Information},
  title   = {A view of trust and information system security under the perspective of critical infrastructure protection},
  year    = {2017},
  number  = {1},
  pages   = {109},
  volume  = {22},
}

@Article{Garry2019,
  author    = {Garry, Tony and Harwood, Tracy},
  journal   = {Journal of Services Marketing},
  title     = {Trust and its predictors within a cyber-physical system context},
  year      = {2019},
  publisher = {Emerald Publishing Limited},
}

@Article{Um2016,
  author    = {Um, Tai-Won and Lee, Gyu Myoung and Choi, Jun Kyun},
  journal   = {IEEE Communications Magazine},
  title     = {Strengthening trust in the future social-cyber-physical infrastructure: an ITU-T perspective},
  year      = {2016},
  number    = {9},
  pages     = {36--42},
  volume    = {54},
  publisher = {IEEE},
}

@Article{Wang2018,
  author    = {Wang, Yan},
  journal   = {IEEE Internet of Things Journal},
  title     = {Trust quantification for networked cyber-physical systems},
  year      = {2018},
  number    = {3},
  pages     = {2055--2070},
  volume    = {5},
  publisher = {IEEE},
}

@Article{FoschVillaronga2019,
  author    = {Fosch-Villaronga, Eduard and Millard, Christopher},
  journal   = {Robotics and Autonomous Systems},
  title     = {Cloud robotics law and regulation: Challenges in the governance of complex and dynamic cyber--physical ecosystems},
  year      = {2019},
  pages     = {77--91},
  volume    = {119},
  publisher = {Elsevier},
}

@Article{Auffret2017,
  author    = {Auffret, Jean-Pierre and Snowdon, Jane L and Stavrou, Angelos and Katz, Jeffrey S and Kelley, Diana and Rahman, Rasheq S and Stein, Frank and Sokol, Lisa and Allor, Peter and Warweg, Peng},
  journal   = {Journal of Interconnection Networks},
  title     = {Cybersecurity leadership: Competencies, governance, and technologies for industrial control systems},
  year      = {2017},
  number    = {01},
  pages     = {1740001},
  volume    = {17},
  publisher = {World Scientific},
}

@Article{DunnCavelty2009,
  author    = {Dunn-Cavelty, Myriam and Suter, Manuel},
  journal   = {International Journal of Critical Infrastructure Protection},
  title     = {Public--Private Partnerships are no silver bullet: An expanded governance model for Critical Infrastructure Protection},
  year      = {2009},
  number    = {4},
  pages     = {179--187},
  volume    = {2},
  publisher = {Elsevier},
}

@Article{Hegemann2018,
  author    = {Hegemann, Hendrik and Kahl, Martin},
  journal   = {Journal of international relations and development},
  title     = {Security governance and the limits of depoliticisation: EU policies to protect critical infrastructures and prevent radicalisation},
  year      = {2018},
  number    = {3},
  pages     = {552--579},
  volume    = {21},
  publisher = {Springer},
}

@Article{Turner2018,
  author    = {Turner, Colin},
  journal   = {Environment and Planning C: Politics and Space},
  title     = {The governance of polycentric national infrastructure systems: Evidence from the UK National Infrastructure Plan},
  year      = {2018},
  number    = {3},
  pages     = {513--529},
  volume    = {36},
  publisher = {SAGE Publications Sage UK: London, England},
}

@Article{Humayed2017,
  author    = {Humayed, Abdulmalik and Lin, Jingqiang and Li, Fengjun and Luo, Bo},
  journal   = {IEEE Internet of Things Journal},
  title     = {Cyber-physical systems securityâA survey},
  year      = {2017},
  number    = {6},
  pages     = {1802--1831},
  volume    = {4},
  publisher = {IEEE},
}

@Article{Banerjee2011,
  author    = {Banerjee, Ayan and Venkatasubramanian, Krishna K and Mukherjee, Tridib and Gupta, Sandeep Kumar S},
  journal   = {Proceedings of the IEEE},
  title     = {Ensuring safety, security, and sustainability of mission-critical cyber--physical systems},
  year      = {2011},
  number    = {1},
  pages     = {283--299},
  volume    = {100},
  publisher = {IEEE},
}

@Article{Ashibani2017,
  author    = {Ashibani, Yosef and Mahmoud, Qusay H},
  journal   = {Computers \& Security},
  title     = {Cyber physical systems security: Analysis, challenges and solutions},
  year      = {2017},
  pages     = {81--97},
  volume    = {68},
  publisher = {Elsevier},
}

@Article{Giraldo2017,
  author    = {Giraldo, Jairo and Sarkar, Esha and Cardenas, Alvaro A and Maniatakos, Michail and Kantarcioglu, Murat},
  journal   = {IEEE Design \& Test},
  title     = {Security and privacy in cyber-physical systems: A survey of surveys},
  year      = {2017},
  number    = {4},
  pages     = {7--17},
  volume    = {34},
  publisher = {IEEE},
}

@Article{Wolf2017,
  author    = {Wolf, Marilyn and Serpanos, Dimitrios},
  journal   = {Proceedings of the IEEE},
  title     = {Safety and security in cyber-physical systems and internet-of-things systems},
  year      = {2017},
  number    = {1},
  pages     = {9--20},
  volume    = {106},
  publisher = {IEEE},
}

@Article{Burmester2012,
  author    = {Burmester, Mike and Magkos, Emmanouil and Chrissikopoulos, Vassilis},
  journal   = {International journal of critical infrastructure protection},
  title     = {Modeling security in cyber--physical systems},
  year      = {2012},
  number    = {3-4},
  pages     = {118--126},
  volume    = {5},
  publisher = {Elsevier},
}

@Article{Nourian2015,
  author    = {Nourian, Arash and Madnick, Stuart},
  journal   = {IEEE Transactions on Dependable and Secure Computing},
  title     = {A systems theoretic approach to the security threats in cyber physical systems applied to stuxnet},
  year      = {2015},
  number    = {1},
  pages     = {2--13},
  volume    = {15},
  publisher = {IEEE},
}

@Article{Wu2016,
  author    = {Wu, Guangyu and Sun, Jian and Chen, Jie},
  journal   = {Control Theory and Technology},
  title     = {A survey on the security of cyber-physical systems},
  year      = {2016},
  number    = {1},
  pages     = {2--10},
  volume    = {14},
  publisher = {Springer},
}

@Article{Yoo2016,
  author    = {Yoo, Hyunguk and Shon, Taeshik},
  journal   = {Future generation computer systems},
  title     = {Challenges and research directions for heterogeneous cyber--physical system based on IEC 61850: Vulnerabilities, security requirements, and security architecture},
  year      = {2016},
  pages     = {128--136},
  volume    = {61},
  publisher = {Elsevier},
}

@Article{DiMase2015,
  author    = {DiMase, Daniel and Collier, Zachary A and Heffner, Kenneth and Linkov, Igor},
  journal   = {Environment Systems and Decisions},
  title     = {Systems engineering framework for cyber physical security and resilience},
  year      = {2015},
  number    = {2},
  pages     = {291--300},
  volume    = {35},
  publisher = {Springer},
}

@Article{Hahn2015,
  author    = {Hahn, Adam and Thomas, Roshan K and Lozano, Ivan and Cardenas, Alvaro},
  journal   = {International Journal of Critical Infrastructure Protection},
  title     = {A multi-layered and kill-chain based security analysis framework for cyber-physical systems},
  year      = {2015},
  pages     = {39--50},
  volume    = {11},
  publisher = {Elsevier},
}

@Article{Wen2017,
  author    = {Wen, Guanghui and Yu, Wenwu and Yu, Xinghuo and L{\"u}, Jinhu},
  journal   = {Journal of Systems Science and Complexity},
  title     = {Complex cyber-physical networks: From cybersecurity to security control},
  year      = {2017},
  number    = {1},
  pages     = {46--67},
  volume    = {30},
  publisher = {Springer},
}

@Article{AlMhiqani2018,
  author  = {Al-Mhiqani, Mohammed Nasser and Ahmad, Rabiah and Yassin, Warusia and Hassan, Aslinda and Abidin, Zaheera Zainal and Ali, Nabeel Salih and Abdulkareem, Karrar Hameed},
  journal = {Int. J. Adv. Comput. Sci. Appl},
  title   = {Cyber-security incidents: a review cases in cyber-physical systems},
  year    = {2018},
  number  = {1},
  pages   = {499--508},
  volume  = {9},
}

@Article{Orojloo2017,
  author    = {Orojloo, Hamed and Azgomi, Mohammad Abdollahi},
  journal   = {Computers in Industry},
  title     = {A game-theoretic approach to model and quantify the security of cyber-physical systems},
  year      = {2017},
  pages     = {44--57},
  volume    = {88},
  publisher = {Elsevier},
}

@Article{Wurm2016,
  author    = {Wurm, Jacob and Jin, Yier and Liu, Yang and Hu, Shiyan and Heffner, Kenneth and Rahman, Fahim and Tehranipoor, Mark},
  journal   = {IEEE Transactions on Multi-Scale Computing Systems},
  title     = {Introduction to cyber-physical system security: A cross-layer perspective},
  year      = {2016},
  number    = {3},
  pages     = {215--227},
  volume    = {3},
  publisher = {IEEE},
}

@Article{Fillatre2017,
  author    = {Fillatre, Lionel and Nikiforov, Igor and Willett, Peter and others},
  journal   = {IEEE Aerospace and Electronic Systems Magazine},
  title     = {Security of SCADA systems against cyber--physical attacks},
  year      = {2017},
  number    = {5},
  pages     = {28--45},
  volume    = {32},
  publisher = {IEEE},
}

@Article{Kobara2016,
  author    = {Kobara, Kazukuni},
  journal   = {IEICE TRANSACTIONS on Information and Systems},
  title     = {Cyber physical security for industrial control systems and IoT},
  year      = {2016},
  number    = {4},
  pages     = {787--795},
  volume    = {99},
  publisher = {The Institute of Electronics, Information and Communication Engineers},
}

@Article{Zhang2013,
  author    = {Zhang, Li and Qing, WANG and Bin, TIAN},
  journal   = {The Journal of China Universities of Posts and Telecommunications},
  title     = {Security threats and measures for the cyber-physical systems},
  year      = {2013},
  pages     = {25--29},
  volume    = {20},
  publisher = {Elsevier},
}

@Article{Frey2017,
  author    = {Frey, Sylvain and Rashid, Awais and Anthonysamy, Pauline and Pinto-Albuquerque, Maria and Naqvi, Syed Asad},
  journal   = {IEEE Transactions on Software Engineering},
  title     = {The good, the bad and the ugly: a study of security decisions in a cyber-physical systems game},
  year      = {2017},
  number    = {5},
  pages     = {521--536},
  volume    = {45},
  publisher = {IEEE},
}

@Article{Zegzhda2017,
  author    = {Zegzhda, Dmitry P and Poltavtseva, Maria A and Lavrova, Daria S},
  journal   = {Automatic control and computer sciences},
  title     = {Systematization and security assessment of cyber-physical systems},
  year      = {2017},
  number    = {8},
  pages     = {835--843},
  volume    = {51},
  publisher = {Springer},
}

@Article{Kim2018,
  author  = {Kim, Nam Yong and Rathore, Shailendra and Ryu, Jung Hyun and Park, Jin Ho and Park, Jong Hyuk},
  journal = {Journal of Information Processing Systems},
  title   = {A survey on cyber physical system security for IoT: issues, challenges, threats, solutions},
  year    = {2018},
  number  = {6},
  pages   = {1361--1384},
  volume  = {14},
}

@Article{Yaacoub2020,
  author    = {Yaacoub, Jean-Paul A and Salman, Ola and Noura, Hassan N and Kaaniche, Nesrine and Chehab, Ali and Malli, Mohamad},
  journal   = {Microprocessors and Microsystems},
  title     = {Cyber-physical systems security: Limitations, issues and future trends},
  year      = {2020},
  pages     = {103201},
  volume    = {77},
  publisher = {Elsevier},
}

@Article{Etesami2019,
  author    = {Etesami, S Rasoul and Ba{\c{s}}ar, Tamer},
  journal   = {Dynamic Games and Applications},
  title     = {Dynamic games in cyber-physical security: An overview},
  year      = {2019},
  number    = {4},
  pages     = {884--913},
  volume    = {9},
  publisher = {Springer},
}

@Article{Huang2019,
  author    = {Huang, Kaixing and Zhou, Chunjie and Qin, Yuanqing and Tu, Weixun},
  journal   = {IEEE Transactions on Industrial Electronics},
  title     = {A game-theoretic approach to cross-layer security decision-making in industrial cyber-physical systems},
  year      = {2019},
  number    = {3},
  pages     = {2371--2379},
  volume    = {67},
  publisher = {IEEE},
}

@Article{CarrerasGuzman2020,
  author    = {Carreras Guzman, Nelson H and Wied, Morten and Kozine, Igor and Lundteigen, Mary Ann},
  journal   = {Systems Engineering},
  title     = {Conceptualizing the key features of cyber-physical systems in a multi-layered representation for safety and security analysis},
  year      = {2020},
  number    = {2},
  pages     = {189--210},
  volume    = {23},
  publisher = {Wiley Online Library},
}

@Article{Kanellopoulos2019,
  author    = {Kanellopoulos, Aris and Vamvoudakis, Kyriakos G},
  journal   = {Systems \& Control Letters},
  title     = {Non-equilibrium dynamic games and cyber--physical security: A cognitive hierarchy approach},
  year      = {2019},
  pages     = {59--66},
  volume    = {125},
  publisher = {Elsevier},
}

@Article{Orojloo2018,
  author    = {Orojloo, Hamed and Azgomi, Mohammad Abdollahi},
  journal   = {Journal of Network and Systems Management},
  title     = {A stochastic game model for evaluating the impacts of security attacks against cyber-physical systems},
  year      = {2018},
  number    = {4},
  pages     = {929--965},
  volume    = {26},
  publisher = {Springer},
}

@Article{Gao2020,
  author    = {Gao, Boyu and Shi, Libao},
  journal   = {IEEE Access},
  title     = {Modeling an attack-mitigation dynamic game-theoretic scheme for security vulnerability analysis in a cyber-physical power system},
  year      = {2020},
  pages     = {30322--30331},
  volume    = {8},
  publisher = {IEEE},
}

@Article{Bakker2019,
  author    = {Bakker, Craig and Bhattacharya, Arnab and Chatterjee, Samrat and Vrabie, Draguna L},
  journal   = {IEEE Control Systems Letters},
  title     = {Learning and information manipulation: Repeated hypergames for cyber-physical security},
  year      = {2019},
  number    = {2},
  pages     = {295--300},
  volume    = {4},
  publisher = {IEEE},
}

@Article{Chen2017,
  author    = {Chen, Jie and Zhang, Fan and Sun, Jian},
  journal   = {Science China Technological Sciences},
  title     = {Analysis of security in cyber-physical systems},
  year      = {2017},
  number    = {12},
  pages     = {1975--1977},
  volume    = {60},
  publisher = {Science China Press},
}

@Article{WalkerRoberts2020,
  author    = {Walker-Roberts, Steven and Hammoudeh, Mohammad and Aldabbas, Omar and Aydin, Mehmet and Dehghantanha, Ali},
  journal   = {The Journal of Supercomputing},
  title     = {Threats on the horizon: Understanding security threats in the era of cyber-physical systems},
  year      = {2020},
  number    = {4},
  pages     = {2643--2664},
  volume    = {76},
  publisher = {Springer},
}

@Article{Bicaku2019,
  author  = {Bicaku, Ani and Schmittner, Christoph and Rottmann, Patrick and Tauber, Markus and Delsing, Jerker},
  journal = {Infocommunications Journal},
  title   = {Security Safety and OrganizationalStandard Compliance in Cyber PhysicalSystems},
  year    = {2019},
  number  = {1},
  pages   = {2--9},
  volume  = {11},
}

@Article{Bernardi2021,
  author    = {Bernardi, S and Gentile, U and Marrone, S and Merseguer, J and Nardone, R},
  journal   = {Journal of Systems and Software},
  title     = {Security modelling and formal verification of survivability properties: Application to cyber--physical systems},
  year      = {2021},
  pages     = {110746},
  volume    = {171},
  publisher = {Elsevier},
}

@Article{Geismann2020,
  author    = {Geismann, Johannes and Bodden, Eric},
  journal   = {Journal of Systems and Software},
  title     = {A systematic literature review of model-driven security engineering for cyber--physical systems},
  year      = {2020},
  pages     = {110697},
  volume    = {169},
  publisher = {Elsevier},
}

@Article{Carter2019,
  author    = {Carter, Bryan T and Bakirtzis, Georgios and Elks, Carl R and Fleming, Cody H},
  journal   = {Systems Engineering},
  title     = {Systems-theoretic security requirements modeling for cyber-physical systems},
  year      = {2019},
  number    = {5},
  pages     = {411--421},
  volume    = {22},
  publisher = {Wiley Online Library},
}

@Article{Bakker2020,
  author    = {Bakker, Craig and Bhattacharya, Arnab and Chatterjee, Samrat and Vrabie, Draguna L},
  journal   = {ACM Transactions on Cyber-Physical Systems},
  title     = {Hypergames and cyber-physical security for control systems},
  year      = {2020},
  number    = {4},
  pages     = {1--41},
  volume    = {4},
  publisher = {ACM New York, NY, USA},
}

@Article{Shen2017,
  author    = {Shen, Jiajun and Feng, Dongqin},
  journal   = {Security and Communication Networks},
  title     = {Stackelberg Interdependent Security Game in Distributed and Hierarchical Cyber-Physical Systems},
  year      = {2017},
  volume    = {2017},
  publisher = {Hindawi},
}

@Article{Knowles2015,
  author    = {Knowles, William and Prince, Daniel and Hutchison, David and Disso, Jules Ferdinand Pagna and Jones, Kevin},
  journal   = {International journal of critical infrastructure protection},
  title     = {A survey of cyber security management in industrial control systems},
  year      = {2015},
  pages     = {52--80},
  volume    = {9},
  publisher = {Elsevier},
}

@Article{Kargl2014,
  author    = {Kargl, Frank and van der Heijden, Rens W and K{\"o}nig, Hartmut and Valdes, Alfonso and Dacier, Marc C},
  journal   = {IEEE security \& privacy},
  title     = {Insights on the security and dependability of industrial control systems},
  year      = {2014},
  number    = {6},
  pages     = {75--78},
  volume    = {12},
  publisher = {IEEE},
}

@Article{Qassim2019,
  author    = {Qassim, Qais Saif and Jamil, Norziana and Daud, Maslina and Patel, Ahmed and Jaâaffar, Norhamadi},
  journal   = {Information \& Computer Security},
  title     = {A review of security assessment methodologies in industrial control systems},
  year      = {2019},
  publisher = {Emerald Publishing Limited},
}

@Article{Lemaire2017,
  author    = {Lemaire, Laurens and Vossaert, Jan and Jansen, Joachim and Naessens, Vincent},
  journal   = {Automatic Control and Computer Sciences},
  title     = {A logic-based framework for the security analysis of industrial control systems},
  year      = {2017},
  number    = {2},
  pages     = {114--123},
  volume    = {51},
  publisher = {Springer},
}

@Article{Igure2006,
  author    = {Igure, Vinay M and Laughter, Sean A and Williams, Ronald D},
  journal   = {computers \& security},
  title     = {Security issues in SCADA networks},
  year      = {2006},
  number    = {7},
  pages     = {498--506},
  volume    = {25},
  publisher = {Elsevier},
}

@Article{Nicholson2012,
  author    = {Nicholson, Andrew and Webber, Stuart and Dyer, Shaun and Patel, Tanuja and Janicke, Helge},
  journal   = {Computers \& Security},
  title     = {SCADA security in the light of Cyber-Warfare},
  year      = {2012},
  number    = {4},
  pages     = {418--436},
  volume    = {31},
  publisher = {Elsevier},
}

@Article{Hentea2008,
  author  = {Hentea, Mariana},
  journal = {Interdisciplinary Journal of Information, Knowledge, and Management},
  title   = {Improving security for SCADA control systems},
  year    = {2008},
  number  = {1},
  pages   = {73--86},
  volume  = {3},
}

@Article{Patel2009,
  author    = {Patel, Sandip C and Bhatt, Ganesh D and Graham, James H},
  journal   = {Communications of the ACM},
  title     = {Improving the cyber security of SCADA communication networks},
  year      = {2009},
  number    = {7},
  pages     = {139--142},
  volume    = {52},
  publisher = {ACM New York, NY, USA},
}

@Article{Gao2014,
  author    = {Gao, Jingcheng and Liu, Jing and Rajan, Bharat and Nori, Rahul and Fu, Bo and Xiao, Yang and Liang, Wei and Philip Chen, CL},
  journal   = {Security and Communication Networks},
  title     = {SCADA communication and security issues},
  year      = {2014},
  number    = {1},
  pages     = {175--194},
  volume    = {7},
  publisher = {Wiley Online Library},
}

@Article{Upadhyay2020,
  author    = {Upadhyay, Darshana and Sampalli, Srinivas},
  journal   = {Computers \& Security},
  title     = {SCADA (Supervisory Control and Data Acquisition) systems: Vulnerability assessment and security recommendations},
  year      = {2020},
  pages     = {101666},
  volume    = {89},
  publisher = {Elsevier},
}

@Article{Larkin2014,
  author    = {Larkin, Robert D and Lopez Jr, Juan and Butts, Jonathan W and Grimaila, Michael R},
  journal   = {ACM SIGMIS Database: the DATABASE for Advances in Information Systems},
  title     = {Evaluation of security solutions in the SCADA environment},
  year      = {2014},
  number    = {1},
  pages     = {38--53},
  volume    = {45},
  publisher = {ACM New York, NY, USA},
}

@Article{Ferrag2020,
  author    = {Ferrag, Mohamed Amine and Babaghayou, Messaoud and Yazici, Mehmet Akif},
  journal   = {Journal of Information Security and Applications},
  title     = {Cyber security for fog-based smart grid SCADA systems: Solutions and challenges},
  year      = {2020},
  pages     = {102500},
  volume    = {52},
  publisher = {Elsevier},
}

@Article{Rosa2019,
  author    = {Rosa, Luis and Freitas, Miguel and Mazo, Sergey and Monteiro, Edmundo and Cruz, Tiago and Sim{\~o}es, Paulo},
  journal   = {IEEE Access},
  title     = {A comprehensive security analysis of a scada protocol: From OSINT to Mitigation},
  year      = {2019},
  pages     = {42156--42168},
  volume    = {7},
  publisher = {IEEE},
}

@Article{Mir2019,
  author    = {Mir, Abdul Wahid and Ramachandran, Ramkumar Ketti},
  journal   = {Information \& Computer Security},
  title     = {Security gaps assessment of smart grid based SCADA systems},
  year      = {2019},
  publisher = {Emerald Publishing Limited},
}

@Article{AbouelKalam2021,
  author    = {Abou el Kalam, Anas},
  journal   = {International Journal of Critical Infrastructure Protection},
  title     = {Securing SCADA and critical industrial systems: From needs to security mechanisms},
  year      = {2021},
  pages     = {100394},
  volume    = {32},
  publisher = {Elsevier},
}

@Article{Stoddart2016,
  author    = {Stoddart, Kristan},
  journal   = {International Affairs},
  title     = {UK cyber security and critical national infrastructure protection},
  year      = {2016},
  number    = {5},
  pages     = {1079--1105},
  volume    = {92},
  publisher = {Oxford University Press},
}

@Article{Aradau2010,
  author    = {Aradau, Claudia},
  journal   = {Security dialogue},
  title     = {Security that matters: Critical infrastructure and objects of protection},
  year      = {2010},
  number    = {5},
  pages     = {491--514},
  volume    = {41},
  publisher = {SAGE Publications Sage UK: London, England},
}

@Article{Brassett2015,
  author    = {Brassett, James and Vaughan-Williams, Nick},
  journal   = {Security Dialogue},
  title     = {Security and the performative politics of resilience: Critical infrastructure protection and humanitarian emergency preparedness},
  year      = {2015},
  number    = {1},
  pages     = {32--50},
  volume    = {46},
  publisher = {Sage Publications Sage UK: London, England},
}

@Article{Ghafir2018,
  author    = {Ghafir, Ibrahim and Saleem, Jibran and Hammoudeh, Mohammad and Faour, Hanan and Prenosil, Vaclav and Jaf, Sardar and Jabbar, Sohail and Baker, Thar},
  journal   = {The Journal of Supercomputing},
  title     = {Security threats to critical infrastructure: the human factor},
  year      = {2018},
  number    = {10},
  pages     = {4986--5002},
  volume    = {74},
  publisher = {Springer},
}

@Article{Ryu2009,
  author    = {Ryu, Dae Hyun and Kim, HyungJun and Um, Keehong},
  journal   = {Journal of Loss Prevention in the Process Industries},
  title     = {Reducing security vulnerabilities for critical infrastructure},
  year      = {2009},
  number    = {6},
  pages     = {1020--1024},
  volume    = {22},
  publisher = {Elsevier},
}

@Article{Limba2019,
  author    = {Limba, Tadas and Pl{\.e}ta, Tomas and Agafonov, Konstantin and Damkus, Martynas},
  title     = {Cyber security management model for critical infrastructure},
  year      = {2019},
  publisher = {Vilnius: Entrepreneurship and Sustainability Center, 2017},
}

@Article{Hausken2016,
  author    = {Hausken, Kjell and He, Fei},
  journal   = {Risk Analysis},
  title     = {On the effectiveness of security countermeasures for critical infrastructures},
  year      = {2016},
  number    = {4},
  pages     = {711--726},
  volume    = {36},
  publisher = {Wiley Online Library},
}

@Article{Quigley2015,
  author    = {Quigley, Kevin and Burns, Calvin and Stallard, Kristen},
  journal   = {Government Information Quarterly},
  title     = {âCyber Gurusâ: A rhetorical analysis of the language of cybersecurity specialists and the implications for security policy and critical infrastructure protection},
  year      = {2015},
  number    = {2},
  pages     = {108--117},
  volume    = {32},
  publisher = {Elsevier},
}

@Article{Rodriguez2015,
  author    = {Rodr{\'\i}guez, Ricardo J and Merseguer, Jos{\'e} and Bernardi, Simona},
  journal   = {The Computer Journal},
  title     = {Modelling security of critical infrastructures: a survivability assessment},
  year      = {2015},
  number    = {10},
  pages     = {2313--2327},
  volume    = {58},
  publisher = {Oxford University Press},
}

@Article{Misuri2018,
  author    = {Misuri, Alessio and Khakzad, Nima and Reniers, Genserik and Cozzani, Valerio},
  journal   = {Safety science},
  title     = {Tackling uncertainty in security assessment of critical infrastructures: Dempster-Shafer Theory vs. Credal Sets Theory},
  year      = {2018},
  pages     = {62--76},
  volume    = {107},
  publisher = {Elsevier},
}

@Article{Ghani2014,
  author    = {Ghani, Hamza and Khelil, Abdelmajid and Suri, Neeraj and Csert{\'a}n, Gy{\"o}rgy and G{\"o}nczy, L{\'a}szl{\'o} and Urbanics, G{\'a}bor and Clarke, James},
  journal   = {Security and Communication Networks},
  title     = {Assessing the security of internet-connected critical infrastructures},
  year      = {2014},
  number    = {12},
  pages     = {2713--2725},
  volume    = {7},
  publisher = {Wiley Online Library},
}

@Article{Hemme2015,
  author    = {Hemme, Kris},
  journal   = {Journal of Strategic Security},
  title     = {Critical infrastructure protection: Maintenance is national security},
  year      = {2015},
  number    = {3},
  pages     = {25--39},
  volume    = {8},
  publisher = {JSTOR},
}

@Article{Tyrvaeinen2016,
  author    = {Tyrv{\"a}inen, Tero and Karanta, Ilkka},
  journal   = {International Journal of Safety and Security Engineering},
  title     = {Outlining comprehensive security analysis of a critical infrastructure network},
  year      = {2016},
  number    = {1},
  pages     = {30--39},
  volume    = {6},
  publisher = {WIT Press},
}

@Article{Shore2015,
  author    = {Shore, Jacques JM},
  journal   = {International Journal of Intelligence and CounterIntelligence},
  title     = {An obligation to act: Holding government accountable for critical infrastructure cyber security},
  year      = {2015},
  number    = {2},
  pages     = {236--251},
  volume    = {28},
  publisher = {Taylor \& Francis},
}

@Article{Stoichev2014,
  author    = {Stoichev, Kiril},
  journal   = {Journal of Applied Security Research},
  title     = {Security levels of critical infrastructure},
  year      = {2014},
  number    = {3},
  pages     = {328--337},
  volume    = {9},
  publisher = {Taylor \& Francis},
}

@Article{Stevens2020,
  author    = {Stevens, Clare},
  journal   = {Contemporary Security Policy},
  title     = {Assembling cybersecurity: The politics and materiality of technical malware reports and the case of Stuxnet},
  year      = {2020},
  number    = {1},
  pages     = {129--152},
  volume    = {41},
  publisher = {Taylor \& Francis},
}

@Article{Kushner2013,
  author  = {Kushner, David},
  journal = {IEEE Spectrum},
  title   = {The real story of stuxnet},
  year    = {2013},
  number  = {50},
  pages   = {48--53},
  volume  = {3},
}

@Article{Barzashka2013,
  author    = {Barzashka, Ivanka},
  journal   = {The RUSI Journal},
  title     = {Are Cyber-Weapons Effective? Assessing Stuxnet's Impact on the Iranian Enrichment Programme},
  year      = {2013},
  number    = {2},
  pages     = {48--56},
  volume    = {158},
  publisher = {Taylor \& Francis},
}

@Article{Kenney2015,
  author    = {Kenney, Michael},
  journal   = {Orbis},
  title     = {Cyber-terrorism in a post-stuxnet world},
  year      = {2015},
  number    = {1},
  pages     = {111--128},
  volume    = {59},
  publisher = {Elsevier},
}

@Article{Jenkins2013,
  author    = {Jenkins, Ryan},
  journal   = {Journal of Military Ethics},
  title     = {Is Stuxnet physical? Does it matter?},
  year      = {2013},
  number    = {1},
  pages     = {68--79},
  volume    = {12},
  publisher = {Taylor \& Francis},
}

@Article{haley2006using,
  author    = {Haley, Charles B and Laney, Robin C and Moffett, Jonathan D and Nuseibeh, Bashar},
  journal   = {Requirements Engineering},
  title     = {Using trust assumptions with security requirements},
  year      = {2006},
  number    = {2},
  pages     = {138--151},
  volume    = {11},
  publisher = {Springer},
}

@Article{gollmann2006trust,
  author    = {Gollmann, Dieter},
  journal   = {Electronic notes in theoretical computer science},
  title     = {Why trust is bad for security},
  year      = {2006},
  number    = {3},
  pages     = {3--9},
  volume    = {157},
  publisher = {Elsevier},
}

@Article{varadharajan2009note,
  author    = {Varadharajan, Vijay},
  journal   = {IEEE Security \& Privacy},
  title     = {A note on trust-enhanced security},
  year      = {2009},
  number    = {3},
  pages     = {57--59},
  volume    = {7},
  publisher = {IEEE},
}

@Article{henshel2015trust,
  author    = {Henshel, D and Cains, MG and Hoffman, B and Kelley, T},
  journal   = {Procedia Manufacturing},
  title     = {Trust as a human factor in holistic cyber security risk assessment},
  year      = {2015},
  pages     = {1117--1124},
  volume    = {3},
  publisher = {Elsevier},
}

@Article{njilla2016game,
  author    = {Njilla, Laurent Yamen and Pissinou, Niki and Makki, Kia},
  journal   = {International Journal of Communication Systems},
  title     = {Game theoretic modeling of security and trust relationship in cyberspace},
  year      = {2016},
  number    = {9},
  pages     = {1500--1512},
  volume    = {29},
  publisher = {Wiley Online Library},
}

@Article{paliszkiewicz2019information,
  author    = {Paliszkiewicz, Joanna},
  journal   = {Journal of Computer Information Systems},
  title     = {Information security policy compliance: Leadership and trust},
  year      = {2019},
  publisher = {Taylor \& Francis},
}

@Article{de2016leveraging,
  author    = {de Oliveira Albuquerque, Robson and Villalba, Luis Javier Garc{\'\i}a and Orozco, Ana Lucila Sandoval and de Sousa J{\'u}nior, Rafael Tim{\'o}teo and Kim, Tai-Hoon},
  journal   = {The Journal of Supercomputing},
  title     = {Leveraging information security and computational trust for cybersecurity},
  year      = {2016},
  number    = {10},
  pages     = {3729--3763},
  volume    = {72},
  publisher = {Springer},
}

@Article{koskosas2008goal,
  author    = {Koskosas, Ioannis},
  journal   = {Information Security Journal: A Global Perspective},
  title     = {Goal setting and trust in a security management context},
  year      = {2008},
  number    = {3},
  pages     = {151--161},
  volume    = {17},
  publisher = {Taylor \& Francis},
}

@Article{fuchs2011formal,
  author    = {Fuchs, Andreas and G{\"u}rgens, Sigrid and Rudolph, Carsten},
  journal   = {Journal of Information Processing},
  title     = {Formal notions of trust and confidentiality-enabling reasoning about system security},
  year      = {2011},
  pages     = {274--291},
  volume    = {19},
  publisher = {Information Processing Society of Japan},
}

@Article{baldwin2006model,
  author    = {Baldwin, A and Beres, Y and Shiu, S and Kearney, P},
  journal   = {BT Technology Journal},
  title     = {A model-based approach to trust, security and assurance},
  year      = {2006},
  number    = {4},
  pages     = {53--68},
  volume    = {24},
  publisher = {Springer},
}

@Article{astakhova2016ontological,
  author    = {Astakhova, LV},
  journal   = {Scientific and Technical Information Processing},
  title     = {The ontological status of trust in information security},
  year      = {2016},
  number    = {1},
  pages     = {58--65},
  volume    = {43},
  publisher = {Springer},
}

@Article{koohang2020information,
  author    = {Koohang, Alex and Nowak, Alojzy and Paliszkiewicz, Joanna and Nord, Jeretta Horn},
  journal   = {Journal of Computer Information Systems},
  title     = {Information security policy compliance: leadership, trust, role values, and awareness},
  year      = {2020},
  number    = {1},
  pages     = {1--8},
  volume    = {60},
  publisher = {Taylor \& Francis},
}

@Article{burr2013nist,
  author    = {Burr, William and Ferraiolo, Hildegard and Waltermire, David},
  journal   = {IT Professional},
  title     = {NIST and computer security},
  year      = {2013},
  number    = {2},
  pages     = {31--37},
  volume    = {16},
  publisher = {IEEE},
}
